<record><leader>00000cas a22000007a 4500</leader><controlfield tag="001">12231016</controlfield><controlfield tag="008">850703d18951896wiuwr ne      0    0eng d</controlfield><datafield ind1=" " ind2=" " tag="010"><subfield code="a">sn 85040839 </subfield></datafield><datafield ind1=" " ind2=" " tag="040"><subfield code="a">NPV</subfield><subfield code="b">eng</subfield><subfield code="c">NPV</subfield><subfield code="d">OCLCQ</subfield></datafield><datafield ind1=" " ind2=" " tag="042"><subfield code="a">msc</subfield></datafield><datafield ind1=" " ind2=" " tag="045"><subfield code="a">w9w9</subfield></datafield><datafield ind1=" " ind2=" " tag="052"><subfield code="a">4123</subfield><subfield code="b">J8</subfield></datafield><datafield ind1="0" ind2="4" tag="245"><subfield code="a">The Wonewoc gazette and herald-statesman.</subfield></datafield><datafield ind1="3" ind2="0" tag="246"><subfield code="a">Wonewoc gazette</subfield></datafield><datafield ind1=" " ind2=" " tag="260"><subfield code="a">[Wonewoc, Wis.] :</subfield><subfield code="b">H.H. Dunn,</subfield><subfield code="c">1895-1896.</subfield></datafield><datafield ind1=" " ind2=" " tag="300"><subfield code="a">4 v. :</subfield><subfield code="b">ill.</subfield></datafield><datafield ind1=" " ind2=" " tag="310"><subfield code="a">Weekly</subfield></datafield><datafield ind1="0" ind2=" " tag="362"><subfield code="a">Vol. 1, no. 22 (Mar. 13, 1895)-v. 2, no. 38 (July 2, 1896); v. 12, no. 39 (July 9, 1896)-v. 13, no. 1 (Oct. 15, 1896).</subfield></datafield><datafield ind1=" " ind2=" " tag="530"><subfield code="a">Available on microfilm from The State Historical Society of Wisconsin.</subfield></datafield><datafield ind1=" " ind2=" " tag="752"><subfield code="a">United States</subfield><subfield code="b">Wisconsin</subfield><subfield code="c">Juneau</subfield><subfield code="d">Wonewoc.</subfield></datafield><datafield ind1="0" ind2="4" tag="780"><subfield code="t">Herald-statesman</subfield></datafield><datafield ind1="0" ind2="4" tag="780"><subfield code="t">Wonewoc gazette (Wonewoc, Wis. : 1895)</subfield><subfield code="w">(DLC)sn 85040838</subfield></datafield><datafield ind1="0" ind2="0" tag="785"><subfield code="t">Wonewoc gazette (Wonewoc, Wis. : 1896)</subfield><subfield code="w">(DLC)sn 85040840</subfield></datafield></record>